@article{Alcubierre1994,
    title={The warp drive: hyper-fast travel within general relativity},
    author={Alcubierre, Miguel},
    journal={Class Quantum Grav},
    volume={11},
    number={5},
    pages={L73--L77},
    year={1994}
}

@article{Natario2002,
    title={Warp drive with zero expansion},
    author={Natário, José},
    journal={Class Quantum Grav},
    volume={19},
    number={6},
    pages={1157--1165},
    year={2002}
}

@article{Pfenning1997,
    title={The unphysical nature of "warp drive"},
    author={Pfenning, Michael J and Ford, Larry H},
    journal={Class Quantum Grav},
    volume={14},
    number={7},
    pages={1743--1751},
    year={1997}
}

@book{Eleftheriades2005,
    title={Negative-Refraction Metamaterials: Fundamental Principles and Applications},
    author={Eleftheriades, George V and Balmain, Keith G},
    publisher={Wiley},
    address={Hoboken, NJ},
    year={2005}
}

@article{Li2010,
    title={More studies on metamaterials mimicking de Sitter space},
    author={Li, Miao and Miao, Rong-Xin and Pang, Yi},
    journal={Opt Express},
    volume={18},
    number={9},
    pages={9026--9033},
    year={2010}
}

@article{Smolyaninov2011,
    title={Metamaterial-based model of the Alcubierre warp drive},
    author={Smolyaninov, Igor I},
    journal={Phys Rev B},
    volume={84},
    number={11},
    pages={113103},
    year={2011}
}

@article{Drummond1980,
    title={QED vacuum polarization in a background gravitational field and its effect on the speed of light},
    author={Drummond, Ian T and Hathrell, Simon J},
    journal={Phys Rev D},
    volume={22},
    number={2},
    pages={343--355},
    year={1980}
}

@article{Scharnhorst1990,
    title={On the propagation of light in the vacuum between plates},
    author={Scharnhorst, Klaus},
    journal={Phys Lett B},
    volume={236},
    number={3},
    pages={354--359},
    year={1990}
}

@article{Latorre1995,
    title={Speed of light in nontrivial vacua},
    author={Latorre, José Ignacio and Pascual, Pedro and Tarrach, Rolf},
    journal={Nucl Phys B},
    volume={437},
    number={1},
    pages={60--82},
    year={1995}
}

@article{DellaValle2016,
    title={The PVLAS experiment: measuring vacuum magnetic birefringence and dichroism with a birefringent Fabry–Perot cavity},
    author={Della Valle, Federico and Milotti, Edoardo and Ejlli, Aldo and others},
    journal={Eur Phys J C},
    volume={76},
    number={1},
    pages={24},
    year={2016}
}

@article{Stenner2003,
    title={The speed of information in a "fast-light" optical medium},
    author={Stenner, Michael D and Gauthier, Daniel J and Neifeld, Mark A},
    journal={Nature},
    volume={425},
    number={6959},
    pages={695--698},
    year={2003}
}

@article{Barcelo2005,
    title={Analogue gravity},
    author={Barceló, Carlos and Liberati, Stefano and Visser, Matt},
    journal={Living Rev Relativ},
    volume={8},
    number={1},
    pages={12},
    year={2005}
}

@article{VanDenBroeck1999,
    title={A warp drive with more reasonable total energy requirements},
    author={Van Den Broeck, Chris},
    journal={Class Quantum Grav},
    volume={16},
    pages={3973--3979},
    year={1999}
}

@article{GonzalezDiaz2007,
    title={Superluminal warp drive and dark energy},
    author={Gonzalez-Díaz, Pedro F},
    journal={Phys Lett B},
    volume={657},
    number={1--3},
    pages={15--19},
    year={2007}
}

@article{Hiscock1997,
    title={Quantum effects in the Alcubierre warp drive spacetime},
    author={Hiscock, William A},
    journal={Class Quantum Grav},
    volume={14},
    number={11},
    pages={L183--L188},
    year={1997}
} 